@article{
	1,
		author={Rozinat A and Van Der Aalst and Wil M P},
		journal={Business Process Management}, 
		title={Decision Mining in ProM},
		url={http://www.springerlink.com/index/v3p2x318x2q87047.pdf}, 
		publisher={Springer}, 
		year={2006}
}
@article{
	2,
		author = {Roberto Bruni and Andrea Corradini and Giaunluigi Ferrari and Tito Flagella and Roberto Guanciale and Giorgio Oronzo Spagnolo},
		title = {Misurare Processi di Business},
		journal = {Congresso AICA},
		year = {2011}
}

@article{
	3,
		title = "Conformance checking of processes based on monitoring real behavior ",
		journal = "Information Systems ",
		volume = "33",
		number = "1",
		pages = "64 - 95",
		year = "2008",
		note = "",
		issn = "0306-4379",
		doi = "http://dx.doi.org/10.1016/j.is.2007.07.001",
		url = "http://www.sciencedirect.com/science/article/pii/S030643790700049X",
		author = "A. Rozinat and W.M.P. van der Aalst",
		keywords = "Business Process Intelligence",
		keywords = "Process Mining",
		keywords = "Petri Nets",
		keywords = "Workflow Management "
}


@incollection{
	4,
	year={2010},
	isbn={978-3-642-15617-5},
	booktitle={Business Process Management},
	volume={6336},
	series={Lecture Notes in Computer Science},
	editor={Hull, Richard and Mendling, Jan and Tai, Stefan},
	doi={10.1007/978-3-642-15618-2_16},
	title={A Fresh Look at Precision in Process Conformance},
	url={http://dx.doi.org/10.1007/978-3-642-15618-2_16},
	publisher={Springer Berlin Heidelberg},
	author={Mu√±oz-Gama, Jorge and Carmona, Josep},
	pages={211-226}
}

@book{
	5,
  	title={Introduction to data mining},
  	author={Tan, P.N. and Steinbach, M. and Kumar, V.},
  	isbn={9780321321367},
  	lccn={2005008721},
  	url={http://books.google.it/books?id=dR9wQgAACAAJ},
  	year={2006},
  	publisher={Pearson Addison Wesley}
}

@misc{
	6,
  	author = "Process Mining Group, Eindhoven Technical University",
  	title = {\url{http://www.processmining.org/prom/start}},
  	month = "",
  	year = 2010,
  	url = {http://www.processmining.org/prom/start}
}

@misc{
	7,
  	author = "Machine Learning Group at University of Waikato",
  	title = {\url{http://www.cs.waikato.ac.nz/ml/weka/}},
  	year = "2011",
  	url = {http://www.cs.waikato.ac.nz/ml/weka/}
  	
}

@inproceedings{
	8,
	 	author    = {C. A. Petri},
	 	title     = {Fundamentals of a Theory of Asynchronous Information Flow},
	 	booktitle = {IFIP Congress},
	 	year      = {1962},
	 	pages     = {386-390},
	 	bibsource = {DBLP, http://dblp.uni-trier.de}
}

@misc{
	9,
  	author = "OMG",
  	title = {\url{http://www.bpmn.org/}},
  	year = "2011",
  	url = {http://www.bpmn.org/}
  	
}

@misc{
	10,
    author = {W.M.P. Van Der Aalst},
    title = {The Application of Petri Nets to Workflow Management},
    year = {1998}
}

@incollection{
	11,
		year={2002},
		isbn={978-3-540-44222-6},
		booktitle={Engineering and Deployment of Cooperative Information Systems},
		volume={2480},
		series={Lecture Notes in Computer Science},
		editor={Han, Yanbo and Tai, Stefan and Wikarski, Dietmar},
		doi={10.1007/3-540-45785-2_4},
		title={Discovering Workflow Performance Models from Timed Logs},
		url={http://dx.doi.org/10.1007/3-540-45785-2_4},
		publisher={Springer Berlin Heidelberg},
		keywords={Workflow mining; workflow management; data mining; Petri nets},
		author={Aalst, W.M.P. and Dongen, B.F.},
		pages={45-63},
		language={English}
		}
@incollection{
	12,
		year={2012},
		isbn={978-3-642-29833-2},
		booktitle={Web Services and Formal Methods},
		volume={7176},
		series={Lecture Notes in Computer Science},
		editor={Carbone, Marco and Petit, Jean-Marc},
		doi={10.1007/978-3-642-29834-9_9},
		title={Applying Process Analysis to the Italian eGovernment Enterprise Architecture},
		url={http://dx.doi.org/10.1007/978-3-642-29834-9_9},
		publisher={Springer Berlin Heidelberg},
		author={Bruni, Roberto and Corradini, Andrea and Ferrari, Gianluigi and Flagella, Tito and Guanciale, Roberto and Spagnolo, Giorgio},
		pages={111-127}
}

@article{
	13,
	 author = {van der Aalst, Wil and Adriansyah, Arya and van Dongen, Boudewijn},
	 title = {Replaying history on process models for conformance checking and performance analysis},
	 journal = {Wiley Int. Rev. Data Min. and Knowl. Disc.},
	 issue_date = {March 2012},
	 volume = {2},
	 number = {2},
	 month = mar,
	 year = {2012},
	 issn = {1942-4787},
	 pages = {182--192},
	 numpages = {11},
	 url = {http://dx.doi.org/10.1002/widm.1045},
	 doi = {10.1002/widm.1045},
	 acmid = {2305457},
	 publisher = {John Wiley \& Sons, Inc.},
	 address = {New York, NY, USA},
	 keywords = {Association Rules, Business and Industry, Data Concepts, Spatial and Temporal Data Mining},
} 

@inproceedings{
	14, 
		author    = {Massimiliano de Leoni and
		             Wil M. P. van der Aalst},
		title     = {Data-aware process mining: discovering decisions in processes
		             using alignments},
		booktitle = {SAC},
		year      = {2013},
		pages     = {1454-1461},
		ee        = {http://doi.acm.org/10.1145/2480362.2480633},
		crossref  = {DBLP:conf/sac/2013},
		bibsource = {DBLP, http://dblp.uni-trier.de}
}
@proceedings{DBLP:conf/sac/2013,
  editor    = {Sung Y. Shin and
               Jos{\'e} Carlos Maldonado},
  title     = {Proceedings of the 28th Annual ACM Symposium on Applied
               Computing, SAC '13, Coimbra, Portugal, March 18-22, 2013},
  booktitle = {SAC},
  publisher = {ACM},
  year      = {2013},
  isbn      = {978-1-4503-1656-9},
  ee        = {http://dl.acm.org/citation.cfm?id=2480362},
  bibsource = {DBLP, http://dblp.uni-trier.de}
}


